@article{CC01a,
 author = {Chang, Chih-Chung and Lin, Chih-Jen},
 title = {{LIBSVM}: A library for support vector machines},
 journal = {ACM Transactions on Intelligent Systems and Technology},
 volume = {2},
 issue = {3},
 year = {2011},
 pages = {27:1--27:27},
 note = {Software available at \url{http://www.csie.ntu.edu.tw/~cjlin/libsvm}},
}

@misc{tf15,
title={ {TensorFlow}: Large-Scale Machine Learning on Heterogeneous Systems},
url={https://www.tensorflow.org/},
note={Software available from \url{https://www.tensorflow.org/}},
author={
    Mart\'{\i}n~Abadi and Ashish~Agarwal and Paul~Barham and Eugene~Brevdo and Zhifeng~Chen and Craig~Citro and Greg~S.~Corrado and
    Andy~Davis and Jeffrey~Dean and Matthieu~Devin and Sanjay~Ghemawat and Ian~Goodfellow and Andrew~Harp and Geoffrey~Irving and
    Michael~Isard and Yangqing Jia and Rafal~Jozefowicz and Lukasz~Kaiser and Manjunath~Kudlur and Josh~Levenberg and Dandelion~Man\'{e} and
    Rajat~Monga and Sherry~Moore and Derek~Murray and Chris~Olah and Mike~Schuster and Jonathon~Shlens and Benoit~Steiner and
    Ilya~Sutskever and Kunal~Talwar and Paul~Tucker and Vincent~Vanhoucke and Vijay~Vasudevan and Fernanda~Vi\'{e}gas and
    Oriol~Vinyals and Pete~Warden and Martin~Wattenberg and Martin~Wicke and Yuan~Yu and Xiaoqiang~Zheng},
  year={2015},
}

@software{librosa18,
  author = {Brian McFee and Matt McVicar and Stefan Balke and Carl Thomé and Colin Raffel and Dana Lee and Oriol Nieto and
    Eric Battenberg and Dan Ellis and Ryuichi Yamamoto and Josh Moore and Rachel Bittner and Keunwoo Choi and
    Pius Friesch and Fabian-Robert Stöter and Vincent Lostanlen and Siddhartha Kumar and Simon Waloschek and Seth and
    Rimvydas Naktinis and Douglas Repetto and Curtis ``Fjord'' Hawthorne and CJ Carr and Waldir Pimenta and Petr Viktorin and
    Paul Brossier and João Felipe Santos and Jackie Wu and Erik and Adrian Holovaty},
  title = {librosa/librosa: 0.6.1},
  month = may,
  year = 2018,
  publisher = {Zenodo},
  version = {0.6.1},
  doi = {10.5281/zenodo.1252297},
  url = {https://doi.org/10.5281/zenodo.1252297},
}

@masterthesis{boixx14,
  author = {Boixx Luna and Pau},
  title = {Automatic movie genre classification based on musical descriptors},
  school = {Universitat Pompeu Fabra Barcelona},
  year = 2014,
  address = {Barcelona, Spain},
  month = dec,
  url = {http://hdl.handle.net/10230/22902},
}

@article{lstm15,
  author    = {Klaus Greff and Rupesh Kumar Srivastava and Jan Koutn{\'{\i}}k and Bas R. Steunebrink and J{\"{u}}rgen Schmidhuber},
  title     = {{LSTM:} {A} Search Space Odyssey},
  journal   = {CoRR},
  volume    = {abs/1503.04069},
  year      = {2015},
  url       = {http://arxiv.org/abs/1503.04069},
  archivePrefix = {arXiv},
  eprint    = {1503.04069},
  timestamp = {Mon, 13 Aug 2018 16:46:33 +0200},
  biburl    = {https://dblp.org/rec/journals/corr/GreffSKSS15.bib},
  bibsource = {dblp computer science bibliography, https://dblp.org}
}

@misc{lstm18,
  title = "Illustrated Guide to LSTM’s and GRU’s: A step by step explanation",
  author = "{Michael Phi}",
  howpublished = "\url{https://towardsdatascience.com/illustrated-guide-to-lstms-and-gru-s-a-step-by-step-explanation-44e9eb85bf21}",
  year = 2018,
  month = sep,
}
